@Misc{BfArM-DiGA,
  author       = {BfArM},
  howpublished = {Website},
  month        = feb,
  title        = {Digitale Gesundheitsanwendungen (BfArM)},
  year         = {2024},
  timestamp    = {2024-05-04},
  url          = {https://www.bundesgesundheitsministerium.de/themen/krankenversicherung/online-ratgeber-krankenversicherung/arznei-heil-und-hilfsmittel/digitale-gesundheitsanwendungen},
}

@Misc{BfArM-Fast-TrackVerfahren,
  author       = {BfArM},
  howpublished = {Website},
  title        = {Wie funktioniert das Fast-Track-Verfahren},
  url          = {https://diga.bfarm.de/de/diga-hersteller},
}

@Article{TK-Report-2,
  author  = {Prof. Dr. Wolfgang Greiner, Dr. Daniel Gensorowsky, Jana Diekmannshemke, Dr. Julian Witte, Dr. Katharina Weine},
  journal = {Techniker Krankenkasse},
  title   = {DiGA-Report 2},
  year    = {2024},
  pages   = {41},
  groups  = {Techniker Krankenkasse},
  url     = {https://www.tk.de/resource/blob/2170850/e7eaa59ecbc0488b415409d5d3a354cf/tk-diga-report-2-2024-data.pdf},
}

@Comment{jabref-meta: databaseType:bibtex;}
